%
% dcpbiblatex.bib
%
% http://tug.ctan.org/info/biblatex-cheatsheet/biblatex-cheatsheet.pdf
% http://www.bne.es/ingles/issn010.htm The difference between ISBN & ISSN
% http://homepage.stat.uiowa.edu/~rlenth/ALPHA/apa-tutorial.pdf APA tutorial
% https://tex.stackexchange.com/questions/25701/bibtex-vs-biber-and-biblatex-vs-natbib natbib v. biblatex
% To update, delete *.bbl

%%%%%%%%%%%%%%%%%%%%%%%%%%%%%%%% BOOKS %%%%%%%%%%%%%%%%%%%%%%%%%%%%%%%

@book{book:linear-algebra,
  author = {Otto Bretscher},
  title = {Linear Algebra With Applications},
  edition = {4th},
  publisher = {Pearson Prentice Hall},
  address = {Upper Saddle River, NJ},
  year = {2009},
  isbn = {9780136009269},
  url = {http://isbn.nu/9780136009269},
}

@book{book:7habits,
   author = {Covey, Stephen R.},
   title = {The 7 Habits of Highly Effective People},
   publisher = {Free Press},
   year = {1990},
   isbn = {0671708635},
}
@book{book:supreme-identity,
   author = {Alan Watts},
   title = {The Supreme Identity},
   publisher = {Vintage Books},
   year = {1972},
   isbn = {0-394-71835-6},
}

@book{book:middlemarch,
   author = {George Eliot},
   title = {Middlemarch},
   publisher = {Penguin Books},
   address = {New York},
   year = {1871},
   isbn = {9780141439549},
   url = {http://isbn.nu/9780141439549},
}

@book{book:stuck-in-the-shallow-end,
   author = {Margolis, Jane and Estrella, Rachel and Goode, Joanna and Holme, Jennifer Jellison and Nao, Kimberly},
   title = {Stuck in the Shallow End},
   publisher = {MIT Press},
   address = {Cambridge, Mass.},
   year = {2011},
   isbn = {978-0-262-51404-0},
   url = {http://isbn.nu/978-0-262-51404-0},
}

@book{book:pattern-classification,
   author = {Duda, Richard O. and Hart, Peter E. and Stork, David G.},
   title = {Pattern Classification},
   publisher = {Springer Science+Business Media},
   year = {2001},
   isbn = {0471056693},
}

@book{book:pattern-recognition-machine-learning,
   author = {Bishop, Christopher M.},
   title = {Pattern Recognition and Machine Learning},
   publisher = {Springer Science+Business Media},
   year = {2006},
   isbn = {0387310738},
}

@book{book:machine-learning,
   author = {Mitchell, Tom M.},
   title = {Machine Learning},
   publisher = {McGraw-Hill Companies, Inc},
   year = {1997},
   isbn = {0070428077},
}

@book{book:cellular-automata-machines,
   author = {Toffoli, Tommaso and Margolus, Norman},
   title = {Cellular Automata Machines: A New Environment for Modeling},
   publisher = {The MIT Press},
   year = {1987},
   isbn = {0262200600},
}

@book{book:elements-one-volume,
   title={Euclid's Elements: All Thirteen Books Complete in One Volume},
   author={Euclides and Densmore, Dana and Heath, {\relax Sir T}homas Little},
   year={2002},
   publisher={Green Lion Press},
   isbn={9781888009194},
   lccn={2002107461},
   url={https://books.google.com/books?id=cveqQgAACAAJ},
}

@book{book:grading-for-equity,
  title={Grading for Equity: What It Is, Why It Matters, and How It Can Transform Schools and Classrooms},
  author={Feldman, Joe},
  year={2018},
  publisher={SAGE Publication},
  address={Thousand Oaks, CA},
  isbn={9781506391571},
  url={https://isbn.nu/9781506391571},
}

@book{book:standards-based-learning,
  title={Standards-Based Learning in Action: Moving from Theory to Practice (A Guide to Implementing Standards-Based Grading, Instruction, and Learning)},
  author={Schimmer, Tom and Hillman, Garnet and Stalets, Mandy},
  year={2018},
  publisher={Solution Tree},
  address={Bloomington, IN},
  isbn={9781945349010},
  url={https://isbn.nu/9781945349010},
}

%%%%%%%%%%%%%%%%%%%%%%%%%%%%%%% PAPERS %%%%%%%%%%%%%%%%%%%%%%%%%%%%%%

%Wing, J. M. (2006, March). Computational thinking. Communications of the ACM, 49(3).
@article{cacm:wing06,
  author = {Jeannette M. Wing},
  title = {Computational Thinking},
  abstract = {[Computational Thinking] represents a universally applicable attitude and skill set everyone, not just computer scientists, would be eager to learn and use.},
  journal = {Communications of the {A}{C}{M}},
  volume = {49},
  number = {3},
  month = {3},
  year = {2006},
  ee = {http://www.cs.cmu.edu/~wing/publications/Wing06.pdf},
}

@article{paper:cornellhmm,
  author = {Rabiner, Lawrence R.},
  title = {A Tutorial on Hidden Markov Models and Selected Applications in Speech Recognition},
  journal = {Proceedings of the IEEE},
  year = {1989},
  url = {http://www.cs.cornell.edu/Courses/cs4758/2012sp/materials/hmm_paper_rabiner.pdf},
}

@article{DBLP:journals/corr/cs-NE-0308031,
  author    = {Carlos Gershenson},
  title     = {Artificial Neural Networks for Beginners},
  journal   = {CoRR},
  volume    = {cs.NE/0308031},
  year      = {2003},
  ee        = {http://arxiv.org/abs/cs.NE/0308031},
  bibsource = {DBLP, http://dblp.uni-trier.de}
}

@InProceedings{paper:deCampos09,
  author    = "de Campos, T.~E. and Babu, B.~R. and Varma, M.",
  title     = "Character recognition in natural images",
  booktitle = "Proceedings of the International Conference on Computer
  Vision Theory and Applications, {L}isbon, {P}ortugal",
  month     = "2",
  year      = "2009",
}

%T. E. de Campos, B. R. Babu and M. Varma. (2009). The Chars74K dataset. Retrieved 19:18, June 10, 2013, from http://www.ee.surrey.ac.uk/CVSSP/demos/chars74k/
@misc{web:chars-74k,
  author = "de Campos, T.~E. and Babu, B.~R. and Varma, M.",
  title = "The Chars74K dataset",
  year = "2009",
  url = "http://www.ee.surrey.ac.uk/CVSSP/demos/chars74k/",
  lastchecked = "19:18, June 27, 2010",
 }

%T. E. de Campos, B. R. Babu and M. Varma. (2009). The Chars74K dataset. Retrieved 19:18, June 10, 2013, from http://www.ee.surrey.ac.uk/CVSSP/demos/chars74k/EnglishHnd.tgz
@misc{web:chars-74k-hand-drawn,
  author = "de Campos, T.~E. and Babu, B.~R. and Varma, M.",
  title = "Chars74K hand-drawn characters",
  year = "2009",
  url = "http://www.ee.surrey.ac.uk/CVSSP/demos/chars74k/EnglishHnd.tgz",
  lastchecked = "19:18, June 27, 2010",
 }

%%%%%%%%%%%%%%%%%%%%%%%%%%%%%% SOFTWARE %%%%%%%%%%%%%%%%%%%%%%%%%%%%%%

@book{book:knr,
   AUTHOR  = "Kernighan, Brian W. and Ritchie, Dennis M.",
   TITLE   = "The {C} Programming Language",
   EDITION = "Second",
   PUBLISHER = "Prentice-Hall, Inc.",
   ADDRESS = "Englewood Cliffs NJ",
   YEAR = "1988",
  }

%%%%%%%%%%%%%%%%%%%%%%%%%%%%%% TEACHING %%%%%%%%%%%%%%%%%%%%%%%%%%%%%%

@book{book:rcm,
   author = {Belvel, Patricia Sequera and Jordan, Maya Marcia},
   title = {Rethinking Classroom Management: Strategies for Prevention, Intervention, and Problem Solving},
   publisher = {Corwin Press},
   year = {2003},
   isbn = {0-7619-4523-7},
}

@book{book:ccm,
   author = {Smith, Rick},
   title = {Conscious Classroom Management: Unlocking the Secrets of Great Teaching},
   publisher = {Conscious Teaching Publications},
   year = {2004},
   isbn = {1-889236-50-0},
}

@misc{book:cmtw,
   title = {Classroom Management That Works},
   publisher = {The Connecting Link},
   year = {2004},
   type = {participant handouts},
}

%%%%%%%%%%%%%%%%%%%%%%%%%%%%% MATHEMATICS %%%%%%%%%%%%%%%%%%%%%%%%%%%%

@book{book:gcs,
   author = {Larson, Ron and Boswell, Laurie and Stiff, Lee},
   title = {Geometry: Concepts and Skills},
   publisher = {Houghton Mifflin School},
   address = {Boston},
   year = {2004},
   isbn = {0618501576},
}

@book{book:geometry,
   author = {Larson, Ron and Boswell, Laurie and Stiff, Lee},
   title = {Geometry},
   publisher = {McDougal  Littell},
   address = {Evanston IL},
   year = {2004},
   isbn = {978-0-618-25022-6},
}

@BOOK{book:ac,
  AUTHOR = {Tucker, Alan},
  TITLE = {Applied Combinatorics},
  edition = {Fourth},
  PUBLISHER = {John Wiley \& Sons},
  YEAR = {2002},
  address = {Hoboken NJ},
  isbn = {0-471-43809-X},
  url = {http://isbn.nu/047143809X},
}

@BOOK{book:unfinished-game,
  AUTHOR = {Devlin, Keith},
  TITLE = {The Unfinished Game: {P}ascal, {F}ermat, and the Seventeenth-Century Letter That Made the World Modern},
  PUBLISHER = {Basic Books},
  YEAR = {2008},
  address = {New York},
  isbn = {9780465009107},
  url = {http://isbn.nu/9780465009107},
}

@book{book:engines-of-logic,
   author = {Davis, Martin},
   title = {Engines of Logic: Mathematics and the Origin of the Computer},
   publisher = {W. W. Norton \& Company},
   year = {2000},
   isbn = {0-39332229-7},
}

@book{book:mathematical-analysis-of-logic,
   author = {Boole, George},
   title = {The Mathematical Analysis of Logic: Being an Essay Towards a Calculus of Deductive Reasoning},
   publisher = {Macmillan, Barclay, \& Macmillan},
   year = {1847},
   address = {London},
}

%%%%%%%%%%%%%%%%%%%%%%%%%%%%%%%%% WWW %%%%%%%%%%%%%%%%%%%%%%%%%%%%%%%%

%Bateman, W., & Mayer, S. (2010). The Online LaTeX Equation Editor (version 2.98). http://www.codecogs.com/components/equationeditor/equationeditor.php
@misc{web:equation-editor,
  author = "Will Bateman and Steve Mayer",
  title = "The Online {\LaTeX} Equation Editor",
  year = "2010",
  url = "http://www.codecogs.com/components/equationeditor/equationeditor.php",
  lastchecked = "version 2.98",
 }

%Hubbard, M., & Roby, T. (2008). History. Retrieved 17:32, June 27, 2010, from http://binomial.csueastbay.edu/History.html
@misc{web:history-binomial,
  author = "Matthew Hubbard and Tom Roby",
  title = "History",
  year = "2008",
  url = "http://binomial.csueastbay.edu/History.html",
  lastchecked = "17:32, June 27, 2010",
 }

%Poskanzer, J. (2009). Acme license maker. http://www.acme.com/licensemaker/
@misc{web:license-maker,
  author = "Jef Poskanzer",
  title = "Acme License Maker",
  year = "2009",
  url = "http://www.acme.com/licensemaker/",
 }

%Goode, J., & Chapman, G. (2013). Exploring computer science. Retrieved 20:10, August 5, 2013, from http://www.exploringcs.org/wp-content/uploads/2010/08/ExploringComputerScience-v5
.0.pdf
@misc{web:ecs,
  author = "Joanna Goode and Gail Chapman",
  title = "Exploring Computer Science",
  year = "2013",
  url = "http://www.exploringcs.org/wp-content/uploads/2010/08/ExploringComputerScience-v5.0.pdf",
  lastchecked = "20:10, August 5, 2013",
 }

%Center for Technology in Learning at SRI International. (2013). Draft assessment design patterns, ecs computational thinking practices. Retrieved 23:07, August 10, 2013, from http://pact.sri.com/?page id=832
@misc{web:pact-adp,
  author = "{Center for Technology in Learning at SRI International}",
  title = "Draft Assessment Design Patterns, {ECS} Computational Thinking Practices",
  year = "2013",
  url = "http://pact.sri.com/?page_id=832",
  lastchecked = "23:07, August 10, 2013",
 }

%Snow, D. (2013, November 15-16). PACT presentation materials from CE21 2013. Retrieved 23:47, August 10, 2013, from http://pact.sri.com/?page id=1285
@misc{web:pact-ce21-2013,
  author = "David Snow",
  title = "{PACT} presentation materials from {CE21} 2013",
  year = "2013",
  month = "11",
  day = "15-16",
  url = "http://pact.sri.com/?page_id=1285",
  lastchecked = "23:47, August 10, 2013",
 }

%Snyder, L., Astrachan, O., & Briggs, A. (2013). Seven big ideas of computer science. Retrieved 18:18, August 5, 2013, from http://csprinciples.cs.washington.edu/sevenbigideas.html
@misc{web:7-big-ideas,
  author = "Larry Snyder and Owen Astrachan and Amy Briggs",
  title = "Seven Big Ideas of Computer Science",
  year = "2013",
  url = "http://csprinciples.cs.washington.edu/sevenbigideas.html",
  lastchecked = "18:18, August 5, 2013",
 }

%Seehorn, D., Carey, S., Fuschetto, B., Moix, I. L. D., O'Grady-Cunniff, D., Owens, B. B., . . . Verno, A. (2011). CTSA k-12 computer science standards. Retrieved 18:50, August 5, 2013, from http://csta.acm.org/Curriculum/sub/K12Standards.html
@misc{web:5-cs,
  author = "Deborah Seehorn and Stephen Carey and Brian Fuschetto and Irene Leeand Daniel Moix and Dianne O{'}Grady-Cunniff and Barbara Boucher Owens and Chris Stephenson and Anita Verno",
  title = "{CSTA} K-12 Computer Science Standards",
  year = "2011",
  url = "http://csta.acm.org/Curriculum/sub/K12Standards.html",
  lastchecked = "18:50, August 5, 2013",
 }

%Stephenson, C. (2012, November 15). The national imperative for k12 computer science education. Retrieved 22:44, August 20, 2013, from http://www.csta.acm.org/AdvocacyOutreach/sub/PresentationFiles/MicrosoftPanel Stephenson.pdf
@misc{web:national-imperative-k12-csed,
  author = "Chris Stephenson",
  title = "The National Imperative for K–12 Computer Science Education",
  year = "2012",
  month = "11",
  day = "15",
  url = "http://www.csta.acm.org/Advocacy_Outreach/sub/PresentationFiles/MicrosoftPanel_Stephenson.pdf",
  lastchecked = "22:44, August 20, 2013",
 }

%%%%%%%%%%%%%%%%%%%%%%%%%%%%% WIKIPEDIA %%%%%%%%%%%%%%%%%%%%%%%%%%%%%%

% Boolean algebra. (2019, February 18). *In {W}ikipedia{,} The Free Encyclopedia*. Retrieved 21:00 February 18, 2019, from https://en.wikipedia.org/w/index.php?title=Boolean_algebra&oldid=883953881
% Wikipedia APA entry -- use AUTHOR field for subject (in {})
@misc{wiki:boolean-algebra,
       author = "{Boolean algebra}",
        title = "In {W}ikipedia{,} The Free Encyclopedia",
         year = "2019",
        month = "2",
          day = "18",
          url = "https://en.wikipedia.org/w/index.php?title=Boolean_algebra&oldid=883953881",
  lastchecked = "21:00 February 18, 2019",
}


% Venn diagram. (2019, February 18). *In {W}ikipedia{,} The Free Encyclopedia*. Retrieved 21:00 February 18, 2019, from https://en.wikipedia.org/w/index.php?title=Venn_diagram&oldid=881835160
% Wikipedia APA entry -- use AUTHOR field for subject (in {})
@misc{wiki:venn-diagram,
       author = "{Venn diagram}",
        title = "In {W}ikipedia{,} The Free Encyclopedia",
         year = "2019",
        month = "2",
          day = "18",
          url = "https://en.wikipedia.org/w/index.php?title=Venn_diagram&oldid=881835160",
  lastchecked = "21:00 February 18, 2019",
}


% Complement (set theory). (2019, February 18). *In {W}ikipedia{,} The Free Encyclopedia*. Retrieved 21:00 February 18, 2019, from https://en.wikipedia.org/w/index.php?title=Complement_(set_theory)&oldid=877236947
% Wikipedia APA entry -- use AUTHOR field for subject (in {})
@misc{wiki:complement-set-theory,
       author = "{Complement (set theory)}",
        title = "In {W}ikipedia{,} The Free Encyclopedia",
         year = "2019",
        month = "2",
          day = "18",
          url = "https://en.wikipedia.org/w/index.php?title=Complement_(set_theory)&oldid=877236947",
  lastchecked = "21:00 February 18, 2019",
}


% Naive set theory. (2019, February 18). *In {W}ikipedia{,} The Free Encyclopedia*. Retrieved 21:00 February 18, 2019, from https://en.wikipedia.org/w/index.php?title=Naive_set_theory&oldid=878461198
% Wikipedia APA entry -- use AUTHOR field for subject (in {})
@misc{wiki:naive-set-theory,
       author = "{Naive set theory}",
        title = "In {W}ikipedia{,} The Free Encyclopedia",
         year = "2019",
        month = "2",
          day = "18",
          url = "https://en.wikipedia.org/w/index.php?title=Naive_set_theory&oldid=878461198",
  lastchecked = "21:00 February 18, 2019",
}


% Russell's paradox. (2019, February 18). *In {W}ikipedia{,} The Free Encyclopedia*. Retrieved 21:00 February 18, 2019, from https://en.wikipedia.org/w/index.php?title=Russell's_paradox&oldid=872268102
% Wikipedia APA entry -- use AUTHOR field for subject (in {})
@misc{wiki:russells-paradox,
       author = "{Russell's paradox}",
        title = "In {W}ikipedia{,} The Free Encyclopedia",
         year = "2019",
        month = "2",
          day = "18",
          url = "https://en.wikipedia.org/w/index.php?title=Russell's_paradox&oldid=872268102",
  lastchecked = "21:00 February 18, 2019",
}


% Barber paradox. (2019, February 18). *In {W}ikipedia{,} The Free Encyclopedia*. Retrieved 21:00 February 18, 2019, from https://en.wikipedia.org/w/index.php?title=Barber_paradox&oldid=883712357
% Wikipedia APA entry -- use AUTHOR field for subject (in {})
@misc{wiki:barber-paradox,
       author = "{Barber paradox}",
        title = "In {W}ikipedia{,} The Free Encyclopedia",
         year = "2019",
        month = "2",
          day = "18",
          url = "https://en.wikipedia.org/w/index.php?title=Barber_paradox&oldid=883712357",
  lastchecked = "21:00 February 18, 2019",
}


% Positional notation. (2019, February 18). *In {W}ikipedia{,} The Free Encyclopedia*. Retrieved 21:00 February 18, 2019, from https://en.wikipedia.org/w/index.php?title=Positional_notation&oldid=877761722
% Wikipedia APA entry -- use AUTHOR field for subject (in {})
@misc{wiki:positional-notation,
       author = "{Positional notation}",
        title = "In {W}ikipedia{,} The Free Encyclopedia",
         year = "2019",
        month = "2",
          day = "18",
          url = "https://en.wikipedia.org/w/index.php?title=Positional_notation&oldid=877761722",
  lastchecked = "21:00 February 18, 2019",
}


% Binary operation. (2019, February 18). *In {W}ikipedia{,} The Free Encyclopedia*. Retrieved 21:00 February 18, 2019, from https://en.wikipedia.org/w/index.php?title=Binary_operation&oldid=882927455
% Wikipedia APA entry -- use AUTHOR field for subject (in {})
@misc{wiki:binary-operation,
       author = "{Binary operation}",
        title = "In {W}ikipedia{,} The Free Encyclopedia",
         year = "2019",
        month = "2",
          day = "18",
          url = "https://en.wikipedia.org/w/index.php?title=Binary_operation&oldid=882927455",
  lastchecked = "21:00 February 18, 2019",
}


% Unary operation. (2019, February 18). *In {W}ikipedia{,} The Free Encyclopedia*. Retrieved 21:00 February 18, 2019, from https://en.wikipedia.org/w/index.php?title=Unary_operation&oldid=876888704
% Wikipedia APA entry -- use AUTHOR field for subject (in {})
@misc{wiki:unary-operation,
       author = "{Unary operation}",
        title = "In {W}ikipedia{,} The Free Encyclopedia",
         year = "2019",
        month = "2",
          day = "18",
          url = "https://en.wikipedia.org/w/index.php?title=Unary_operation&oldid=876888704",
  lastchecked = "21:00 February 18, 2019",
}


% Infix notation. (2019, February 18). *In {W}ikipedia{,} The Free Encyclopedia*. Retrieved 21:00 February 18, 2019, from https://en.wikipedia.org/w/index.php?title=Infix_notation&oldid=795311885
% Wikipedia APA entry -- use AUTHOR field for subject (in {})
@misc{wiki:infix-notation,
       author = "{Infix notation}",
        title = "In {W}ikipedia{,} The Free Encyclopedia",
         year = "2019",
        month = "2",
          day = "18",
          url = "https://en.wikipedia.org/w/index.php?title=Infix_notation&oldid=795311885",
  lastchecked = "21:00 February 18, 2019",
}


% Polish notation. (2019, February 18). *In {W}ikipedia{,} The Free Encyclopedia*. Retrieved 21:00 February 18, 2019, from https://en.wikipedia.org/w/index.php?title=Polish_notation&oldid=880582128
% Wikipedia APA entry -- use AUTHOR field for subject (in {})
@misc{wiki:polish-notation,
       author = "{Polish notation}",
        title = "In {W}ikipedia{,} The Free Encyclopedia",
         year = "2019",
        month = "2",
          day = "18",
          url = "https://en.wikipedia.org/w/index.php?title=Polish_notation&oldid=880582128",
  lastchecked = "21:00 February 18, 2019",
}


% Bit. (2019, February 18). *In {W}ikipedia{,} The Free Encyclopedia*. Retrieved 21:00 February 18, 2019, from https://en.wikipedia.org/w/index.php?title=Bit&oldid=880961230
% Wikipedia APA entry -- use AUTHOR field for subject (in {})
@misc{wiki:bit,
       author = "{Bit}",
        title = "In {W}ikipedia{,} The Free Encyclopedia",
         year = "2019",
        month = "2",
          day = "18",
          url = "https://en.wikipedia.org/w/index.php?title=Bit&oldid=880961230",
  lastchecked = "21:00 February 18, 2019",
}


% Nybble. (2019, February 18). *In {W}ikipedia{,} The Free Encyclopedia*. Retrieved 21:00 February 18, 2019, from https://en.wikipedia.org/w/index.php?title=Nybble&oldid=883088049
% Wikipedia APA entry -- use AUTHOR field for subject (in {})
@misc{wiki:nybble,
       author = "{Nybble}",
        title = "In {W}ikipedia{,} The Free Encyclopedia",
         year = "2019",
        month = "2",
          day = "18",
          url = "https://en.wikipedia.org/w/index.php?title=Nybble&oldid=883088049",
  lastchecked = "21:00 February 18, 2019",
}


% Two's complement. (2019, February 18). *In {W}ikipedia{,} The Free Encyclopedia*. Retrieved 21:00 February 18, 2019, from https://en.wikipedia.org/w/index.php?title=Two's_complement&oldid=882476598
% Wikipedia APA entry -- use AUTHOR field for subject (in {})
@misc{wiki:twos-complement,
       author = "{Two's complement}",
        title = "In {W}ikipedia{,} The Free Encyclopedia",
         year = "2019",
        month = "2",
          day = "18",
          url = "https://en.wikipedia.org/w/index.php?title=Two's_complement&oldid=882476598",
  lastchecked = "21:00 February 18, 2019",
}


% Ones' complement. (2019, February 18). *In {W}ikipedia{,} The Free Encyclopedia*. Retrieved 21:00 February 18, 2019, from https://en.wikipedia.org/w/index.php?title=Ones'_complement&oldid=872645202
% Wikipedia APA entry -- use AUTHOR field for subject (in {})
@misc{wiki:ones-complement,
       author = "{Ones' complement}",
        title = "In {W}ikipedia{,} The Free Encyclopedia",
         year = "2019",
        month = "2",
          day = "18",
          url = "https://en.wikipedia.org/w/index.php?title=Ones'_complement&oldid=872645202",
  lastchecked = "21:00 February 18, 2019",
}


% Signedness. (2019, February 18). *In {W}ikipedia{,} The Free Encyclopedia*. Retrieved 21:00 February 18, 2019, from https://en.wikipedia.org/w/index.php?title=Signedness&oldid=792830866
% Wikipedia APA entry -- use AUTHOR field for subject (in {})
@misc{wiki:signedness,
       author = "{Signedness}",
        title = "In {W}ikipedia{,} The Free Encyclopedia",
         year = "2019",
        month = "2",
          day = "18",
          url = "https://en.wikipedia.org/w/index.php?title=Signedness&oldid=792830866",
  lastchecked = "21:00 February 18, 2019",
}


% Integer overflow. (2019, February 18). *In {W}ikipedia{,} The Free Encyclopedia*. Retrieved 21:00 February 18, 2019, from https://en.wikipedia.org/w/index.php?title=Integer_overflow&oldid=880564879
% Wikipedia APA entry -- use AUTHOR field for subject (in {})
@misc{wiki:integer-overflow,
       author = "{Integer overflow}",
        title = "In {W}ikipedia{,} The Free Encyclopedia",
         year = "2019",
        month = "2",
          day = "18",
          url = "https://en.wikipedia.org/w/index.php?title=Integer_overflow&oldid=880564879",
  lastchecked = "21:00 February 18, 2019",
}


% Fixed-point arithmetic. (2019, February 18). *In {W}ikipedia{,} The Free Encyclopedia*. Retrieved 21:00 February 18, 2019, from https://en.wikipedia.org/w/index.php?title=Fixed-point_arithmetic&oldid=874423261
% Wikipedia APA entry -- use AUTHOR field for subject (in {})
@misc{wiki:fixed-point-arithmetic,
       author = "{Fixed-point arithmetic}",
        title = "In {W}ikipedia{,} The Free Encyclopedia",
         year = "2019",
        month = "2",
          day = "18",
          url = "https://en.wikipedia.org/w/index.php?title=Fixed-point_arithmetic&oldid=874423261",
  lastchecked = "21:00 February 18, 2019",
}


% Floating-point arithmetic. (2019, February 18). *In {W}ikipedia{,} The Free Encyclopedia*. Retrieved 21:00 February 18, 2019, from https://en.wikipedia.org/w/index.php?title=Floating-point_arithmetic&oldid=883934950
% Wikipedia APA entry -- use AUTHOR field for subject (in {})
@misc{wiki:floating-point-arithmetic,
       author = "{Floating-point arithmetic}",
        title = "In {W}ikipedia{,} The Free Encyclopedia",
         year = "2019",
        month = "2",
          day = "18",
          url = "https://en.wikipedia.org/w/index.php?title=Floating-point_arithmetic&oldid=883934950",
  lastchecked = "21:00 February 18, 2019",
}


% IEEE 754. (2019, February 28). *In {W}ikipedia{,} The Free Encyclopedia*. Retrieved 22:00 February 28, 2019, from https://en.wikipedia.org/w/index.php?title=IEEE_754&oldid=883044346
% Wikipedia APA entry -- use AUTHOR field for subject (in {})
@misc{wiki:ieee-754,
       author = "{IEEE 754}",
        title = "In {W}ikipedia{,} The Free Encyclopedia",
         year = "2019",
        month = "2",
          day = "28",
          url = "https://en.wikipedia.org/w/index.php?title=IEEE_754&oldid=883044346",
  lastchecked = "22:00 February 28, 2019",
}

% Logic gate. (2019, February 18). *In {W}ikipedia{,} The Free Encyclopedia*. Retrieved 21:00 February 18, 2019, from https://en.wikipedia.org/w/index.php?title=Logic_gate&oldid=883992939
% Wikipedia APA entry -- use AUTHOR field for subject (in {})
@misc{wiki:logic-gate,
       author = "{Logic gate}",
        title = "In {W}ikipedia{,} The Free Encyclopedia",
         year = "2019",
        month = "2",
          day = "18",
          url = "https://en.wikipedia.org/w/index.php?title=Logic_gate&oldid=883992939",
  lastchecked = "21:00 February 18, 2019",
}


% NAND logic. (2019, February 18). *In {W}ikipedia{,} The Free Encyclopedia*. Retrieved 21:00 February 18, 2019, from https://en.wikipedia.org/w/index.php?title=NAND_logic&oldid=874024831
% Wikipedia APA entry -- use AUTHOR field for subject (in {})
@misc{wiki:nand-logic,
       author = "{NAND logic}",
        title = "In {W}ikipedia{,} The Free Encyclopedia",
         year = "2019",
        month = "2",
          day = "18",
          url = "https://en.wikipedia.org/w/index.php?title=NAND_logic&oldid=874024831",
  lastchecked = "21:00 February 18, 2019",
}


% NOR logic. (2019, February 18). *In {W}ikipedia{,} The Free Encyclopedia*. Retrieved 21:00 February 18, 2019, from https://en.wikipedia.org/w/index.php?title=NOR_logic&oldid=882243128
% Wikipedia APA entry -- use AUTHOR field for subject (in {})
@misc{wiki:nor-logic,
       author = "{NOR logic}",
        title = "In {W}ikipedia{,} The Free Encyclopedia",
         year = "2019",
        month = "2",
          day = "18",
          url = "https://en.wikipedia.org/w/index.php?title=NOR_logic&oldid=882243128",
  lastchecked = "21:00 February 18, 2019",
}


% Bitwise operation. (2019, February 28). *In {W}ikipedia{,} The Free Encyclopedia*. Retrieved 22:00 February 28, 2019, from https://en.wikipedia.org/w/index.php?title=Bitwise_operation&oldid=882396419
% Wikipedia APA entry -- use AUTHOR field for subject (in {})
@misc{wiki:bitwise-operation,
       author = "{Bitwise operation}",
        title = "In {W}ikipedia{,} The Free Encyclopedia",
         year = "2019",
        month = "2",
          day = "28",
          url = "https://en.wikipedia.org/w/index.php?title=Bitwise_operation&oldid=882396419",
  lastchecked = "22:00 February 28, 2019",
}

% Functional completeness. (2019, February 18). *In {W}ikipedia{,} The Free Encyclopedia*. Retrieved 21:00 February 18, 2019, from https://en.wikipedia.org/w/index.php?title=Functional_completeness&oldid=881651954
% Wikipedia APA entry -- use AUTHOR field for subject (in {})
@misc{wiki:functional-completeness,
       author = "{Functional completeness}",
        title = "In {W}ikipedia{,} The Free Encyclopedia",
         year = "2019",
        month = "2",
          day = "18",
          url = "https://en.wikipedia.org/w/index.php?title=Functional_completeness&oldid=881651954",
  lastchecked = "21:00 February 18, 2019",
}

% Adder (electronics). (2019, February 18). *In {W}ikipedia{,} The Free Encyclopedia*. Retrieved 21:00 February 18, 2019, from https://en.wikipedia.org/w/index.php?title=Adder_(electronics)&oldid=879794929
% Wikipedia APA entry -- use AUTHOR field for subject (in {})
@misc{wiki:adder-electronics,
       author = "{Adder (electronics)}",
        title = "In {W}ikipedia{,} The Free Encyclopedia",
         year = "2019",
        month = "2",
          day = "18",
          url = "https://en.wikipedia.org/w/index.php?title=Adder_(electronics)&oldid=879794929",
  lastchecked = "21:00 February 18, 2019",
}

% Multiplication algorithm. (2019, February 20). *In {W}ikipedia{,} The Free Encyclopedia*. Retrieved 12:00 February 20, 2019, from https://en.wikipedia.org/w/index.php?title=Multiplication_algorithm&oldid=875028575
% Wikipedia APA entry -- use AUTHOR field for subject (in {})
@misc{wiki:multiplication-algorithm,
       author = "{Multiplication algorithm}",
        title = "In {W}ikipedia{,} The Free Encyclopedia",
         year = "2019",
        month = "2",
          day = "20",
          url = "https://en.wikipedia.org/w/index.php?title=Multiplication_algorithm&oldid=875028575",
  lastchecked = "12:00 February 20, 2019",
}

% Division algorithm. (2019, February 20). *In {W}ikipedia{,} The Free Encyclopedia*. Retrieved 12:00 February 20, 2019, from https://en.wikipedia.org/w/index.php?title=Division_algorithm&oldid=883467096
% Wikipedia APA entry -- use AUTHOR field for subject (in {})
@misc{wiki:division-algorithm,
       author = "{Division algorithm}",
        title = "In {W}ikipedia{,} The Free Encyclopedia",
         year = "2019",
        month = "2",
          day = "20",
          url = "https://en.wikipedia.org/w/index.php?title=Division_algorithm&oldid=883467096",
  lastchecked = "12:00 February 20, 2019",
}

%%%%%%%%%%%%%%%%%%%%%%%%%%%%% WIKIPEDIA %%%%%%%%%%%%%%%%%%%%%%%%%%%%%%

%Combination. (2010, June 14). In Wikipedia, The Free Encyclopedia. Retrieved 13:35, June 27, 2010, from http://en.wikipedia.org/w/index.php?title=Combination&oldid=367895591
% Wikipedia APA entry -- use AUTHOR field for subject (in {})
@misc{wiki:combination,
  author = "{Combination}",
  title = "In {W}ikipedia{,} The Free Encyclopedia",
  year = "2010",
  month = "6",
  day = "14",
  url = "http://en.wikipedia.org/w/index.php?title=Combination&oldid=367895591",
  lastchecked = "13:35, June 27, 2010",
 }

%Combinatorics. (2010, June 19). In Wikipedia, The Free Encyclopedia. Retrieved 13:24, June 26, 2010, from http://en.wikipedia.org/w/index.php?title=Combinatorics&oldid=368950754
% Wikipedia APA entry -- use AUTHOR field for subject (in {})
@misc{wiki:combinatorics,
  author = "Combinatorics",
  title = "In {W}ikipedia{,} The Free Encyclopedia",
  year = "2010",
  month = "6",
  day = "19",
  url = "http://en.wikipedia.org/w/index.php?title=Combinatorics&oldid=368950754",
  lastchecked = "13:24, June 26, 2010",
 }

%Hungarian algorithm. (2013, May 2). In Wikipedia, The Free Encyclopedia. Retrieved 20:40, June 17, 2013, from http://en.wikipedia.org/w/index.php?title=Hungarian_algorithm&oldid=553176136
% Wikipedia APA entry -- use AUTHOR field for subject (in {})
@misc{wiki:hungarian-algorithm,
  author = "{Hungarian algorithm}",
  title = "In {W}ikipedia{,} The Free Encyclopedia",
  year = "2013",
  month = {5},
  day = "2",
  url = "http://en.wikipedia.org/w/index.php?title=Hungarian_algorithm&oldid=553176136",
  lastchecked = "20:40, June 17, 2013",
 }

% Java Programming / Primitive Types. (2018, November 27). *Wikibooks, The Free Textbook Project*. Retrieved 21:00 February 18, 2019 from https://en.wikibooks.org/w/index.php?title=Java_Programming/Primitive_Types&oldid=3491137
% Wikibooks APA entry -- use AUTHOR field for subject (in {})
@misc{wiki:java-primitive-types,
       author = "{Java Programming / Primitive Types}",
        title = "In {W}ikibooks{,} The Free Textbook Project",
         year = "2018",
        month = "11",
          day = "27",
          url = "https://en.wikibooks.org/w/index.php?title=Java_Programming/Primitive_Types&oldid=3491137",
  lastchecked = "21:00 February 18, 2019",
}

%Permutation. (2010, June 7). In Wikipedia, The Free Encyclopedia. Retrieved 13:31, June 26, 2010, from http://en.wikipedia.org/w/index.php?title=Permutation&oldid=366563313
% Wikipedia APA entry -- use AUTHOR field for subject (in {})
@misc{wiki:permutation,
  author = "{Permutation}",
  title = "In {W}ikipedia{,} The Free Encyclopedia",
  year = "2010",
  month = "6",
  day = "10",
  url = "http://en.wikipedia.org/w/index.php?title=Permutation&oldid=366563313",
  lastchecked = "13:31, June 26, 2010",
 }

% Wikipedia APA entry -- use AUTHOR field for subject (in {})
@misc{wiki:plagiarism,
  author = "Plagiarism",
  title = "In {W}ikipedia{,} The Free Encyclopedia",
  year = "2004",
  month = "6",
  day = "16",
  url = "http://en.wikipedia.org/w/index.php?title=Plagiarism&oldid=5139350",
  lastchecked = "June 27, 2004",
 }

%%%%%%%%%%%%%%%%%%%%%%%%%%%%%%% DEBUG %%%%%%%%%%%%%%%%%%%%%%%%%%%%%%%%
% TODO: fix ATonline references & add isbn / doi

% ATmisc https://en.wikipedia.org/w/index.php?title=Special:CiteThisPage&page=Carmichael_number&id=1151790558&wpFormIdentifier=titleform
@misc{ enwiki:1151790558,
    author = "{Wikipedia contributors}",
    title = "Carmichael number --- {Wikipedia}{,} The Free Encyclopedia",
    year = "2023",
    howpublished = "\url{https://en.wikipedia.org/w/index.php?title=Carmichael_number&oldid=1151790558}",
    note = "[Online; accessed 13-August-2023]",
 }

% Wikipedia format suggested updates:
% - use ATonline rather than ATmisc
% - remove author, note
% - change title to maintitle
% - add title = "Wikipedia", url, urldate, month
% ATonline https://en.wikipedia.org/w/index.php?title=Special:CiteThisPage&page=Wikipedia&id=1170034581&wpFormIdentifier=titleform
@online{ enwiki:13438122,
    author = "{Wikipedia contributors}",
    maintitle = "Wikipedia --- {Wikipedia}{,} The Free Encyclopedia",
    year = "2005",
    howpublished = "\url{https://en.wikipedia.org/w/index.php?title=Wikipedia&oldid=13438122}",
    note = "[Online; accessed 14-August-2023]",
    title = "Wikipedia",
    url = {https://en.wikipedia.org/Wikipedia},
    urldate = {2023-08-14T02:30:00},
    month = {8},
}
